@article{Herraez:02, 
author = {Miguel Arevallilo Herr\'{a}ez and David R. Burton and Michael J. Lalor and Munther A. Gdeisat}, 
journal = {Appl. Opt.}, 
keywords = {Fourier optics and signal processing ; Image processing; Instrumentation, measurement, and metrology},
number = {35}, 
pages = {7437--7444}, 
publisher = {OSA},
title = {Fast two-dimensional phase-unwrapping algorithm based on sorting by reliability following a noncontinuous path}, 
volume = {41}, 
month = {Dec},
year = {2002},
url = {http://ao.osa.org/abstract.cfm?URI=ao-41-35-7437},
doi = {10.1364/AO.41.007437}
}

@article{Kaufmann:98, 
author = {Guillermo H. Kaufmann and Gustavo E. Galizzi and Pablo D. Ruiz}, 
journal = {Appl. Opt.}, 
keywords = {Phase retrieval; Fringe analysis; Phase measurement; Speckle interferometry},
number = {14}, 
pages = {3076--3084}, 
publisher = {OSA},
title = {Evaluation of a preconditioned conjugate-gradient algorithm for weighted least-squares unwrapping of digital speckle-pattern interferometry phase maps}, 
volume = {37}, 
month = {May},
year = {1998},
url = {http://ao.osa.org/abstract.cfm?URI=ao-37-14-3076},
doi = {10.1364/AO.37.003076}
}

@article{Ghiglia:94, 
author = {Dennis C. Ghiglia and Louis A. Romero}, 
journal = {J. Opt. Soc. Am. A}, 
keywords = {},
number = {1}, 
pages = {107--117}, 
publisher = {OSA},
title = {Robust two-dimensional weighted and unweighted phase unwrapping that uses fast transforms and iterative methods}, 
volume = {11}, 
month = {Jan},
year = {1994},
url = {http://josaa.osa.org/abstract.cfm?URI=josaa-11-1-107},
doi = {10.1364/JOSAA.11.000107}
}

@article{ulf:holo,
  author={Ulf Schnars and Werner P O JÃ¼ptner},
  title={Digital recording and numerical reconstruction of holograms},
  journal={Measurement Science and Technology},
  volume={13},
  number={9},
  pages={R85},
  url={http://stacks.iop.org/0957-0233/13/i=9/a=201},
  year={2002}
}

@article{creath1988v,
  title={Phase-measurement interferometry techniques},
  author={Creath, Katherine},
  journal={Progress in optics},
  volume={26},
  pages={349--393},
  year={1988},
  publisher={Elsevier}
}

@article{calvetti1991stochastic,
  title={A stochastic roundoff error analysis for the fast Fourier transform},
  author={Calvetti, Daniela},
  journal={mathematics of computation},
  volume={56},
  number={194},
  pages={755--774},
  year={1991}
}

@article{colomb2006total,
  title={Total aberrations compensation in digital holographic microscopy with a reference conjugated hologram},
  author={Colomb, Tristan and K{\v{R}}hn, Jonas and Charri{\'R}re, Florian and Depeursinge, Christian and Marquet, Pierre and Aspert, Nicolas},
  journal={Optics express},
  volume={14},
  number={10},
  pages={4300--4306},
  year={2006},
  publisher={Optical Society of America}
}

@article{kim2006interference,
  title={Interference techniques in digital holography},
  author={Kim, Myung K and Yu, Lingfeng and Mann, Christopher J},
  journal={Journal of Optics A: Pure and Applied Optics},
  volume={8},
  number={7},
  pages={S518},
  year={2006},
  publisher={IOP Publishing}
}

@inproceedings{mann2006quantitative,
  title={Quantitative phase-contrast microscopy by angular spectrum digital holography},
  author={Mann, Christopher J and Kim, MK},
  booktitle={Biomedical Optics 2006},
  pages={60900B--60900B},
  year={2006},
  organization={International Society for Optics and Photonics}
}

@article{spanne1999line,
  title={In-line holography and phase-contrast microtomography with high energy x-rays},
  author={Spanne, P and Raven, C and Snigireva, I and Snigirev, A},
  journal={Physics in medicine and biology},
  volume={44},
  number={3},
  pages={741},
  year={1999},
  publisher={IOP Publishing}
}

@article{schnars2002digital,
  title={Digital recording and numerical reconstruction of holograms},
  author={Schnars, Ulf and J{\"u}ptner, Werner PO},
  journal={Measurement science and technology},
  volume={13},
  number={9},
  pages={R85},
  year={2002},
  publisher={IOP Publishing}
}

%3 in SNR paper
@article{burch1942phase,
  title={Phase-contrast microscopy},
  author={Burch, CR and Stock, JPP},
  journal={Journal of Scientific Instruments},
  volume={19},
  number={5},
  pages={71},
  year={1942},
  publisher={IOP Publishing}
}

%4 in SNR paper
@article{zernike1934diffraction,
  title={Diffraction theory of the knife-edge test and its improved form, the phase-contrast method},
  author={Zernike, F},
  journal={Monthly Notices of the Royal Astronomical Society},
  volume={94},
  pages={377--384},
  year={1934}
}

@article{tango1980iv,
  title={IV Michelson Stellar Interferometry},
  author={Tango, William J and Twiss, RQ},
  journal={Progress in Optics},
  volume={17},
  pages={239--277},
  year={1980},
  publisher={Elsevier}
}

%5 in SNR paper
@article{gureyev1997rapid,
  title={Rapid quantitative phase imaging using the transport of intensity equation},
  author={Gureyev, Timur E and Nugent, Keith A},
  journal={Optics communications},
  volume={133},
  number={1},
  pages={339--346},
  year={1997},
  publisher={Elsevier}
}

%6 in SNR paper
@article{lue2007quantitative,
  title={Quantitative phase imaging of live cells using fast Fourier phase microscopy},
  author={Lue, Niyom and Choi, Wonshik and Popescu, Gabriel and Ikeda, Takahiro and Dasari, Ramachandra R and Badizadegan, Kamran and Feld, Michael S},
  journal={Applied Optics},
  volume={46},
  number={10},
  pages={1836--1842},
  year={2007},
  publisher={Optical Society of America}
}

%7 in SNR paper
@article{cuche1999digital,
  title={Digital holography for quantitative phase-contrast imaging},
  author={Cuche, Etienne and Bevilacqua, Frederic and Depeursinge, Christian},
  journal={Optics letters},
  volume={24},
  number={5},
  pages={291--293},
  year={1999},
  publisher={Optical Society of America}
}

%22 in SNR paper
@article{wang2014point,
  title={Point spread function and lateral resolution analysis of digital holographic microscopy system},
  author={Wang, Huaying and Yu, Mengjie and Jiang, Yanan and Zhu, Qiaofen and Liu, Feifei},
  journal={Optics Communications},
  volume={322},
  pages={90--96},
  year={2014},
  publisher={Elsevier}
}

%23
@inproceedings{wang2015new,
  title={A new phase error compensation method in digital holographic microscopy},
  author={Wang, Zhaomin and Qu, Weijuan and Wen, Yongfu and Yang, Fang and Asundi, Anand},
  booktitle={International Conference on Experimental Mechanics 2014},
  pages={93023M--93023M},
  year={2015},
  organization={International Society for Optics and Photonics}
}

%24
@article{pan2011coherent,
  title={Coherent noise reduction in digital holographic phase contrast microscopy by slightly shifting object},
  author={Pan, Feng and Xiao, Wen and Liu, Shuo and Wang, FanJing and Rong, Lu and Li, Rui},
  journal={Optics express},
  volume={19},
  number={5},
  pages={3862--3869},
  year={2011},
  publisher={Optical Society of America}
}

@inproceedings{zhang2011coherent,
  title={Coherent noise reduction in digital holographic phase contrast microscopy by varying the reference wave},
  author={Zhang, Yizhuo and Wang, Dayong and Wang, Yunxin and Zhou, Zhiwei and Zhao, Jie},
  booktitle={Smart Nano-Micro Materials and Devices},
  pages={82042U--82042U},
  year={2011},
  organization={International Society for Optics and Photonics}
}

%25
@article{le2015improving,
  title={Improving Phase Contrast of Digital Holographic Microscope using Spatial Light Modulator},
  author={Le, Thanh Bang and Piao, Meilan and Jeong, Jong-Rae and Jeon, Seok-Hee and Kim, Nam},
  journal={Journal of the Optical Society of Korea},
  volume={19},
  number={1},
  pages={22--28},
  year={2015},
  publisher={Optical Society of Korea}
}

%26
@article{lai2015resolution,
  title={Resolution enhancement of spectrum normalization in synthetic aperture digital holographic microscopy},
  author={Lai, Xin-Ji and Tu, Han-Yen and Wu, Chung-Hsin and Lin, Yu-Chih and Cheng, Chau-Jern},
  journal={Applied optics},
  volume={54},
  number={1},
  pages={A51--A58},
  year={2015},
  publisher={Optical Society of America}
}

%27
@article{matrecano2015improving,
  title={Improving holographic reconstruction by automatic Butterworth filtering for microelectromechanical systems characterization},
  author={Matrecano, Marcella and Memmolo, Pasquale and Miccio, Lisa and Persano, Anna and Quaranta, Fabio and Siciliano, Pietro and Ferraro, Pietro},
  journal={Applied optics},
  volume={54},
  number={11},
  pages={3428--3432},
  year={2015},
  publisher={Optical Society of America}
}

%28
@article{sharma2008improvement,
  title={Improvement of signal-to-noise ratio in digital holography using wavelet transform},
  author={Sharma, Akshay and Sheoran, Gyanendra and Jaffery, ZA and others},
  journal={Optics and lasers in engineering},
  volume={46},
  number={1},
  pages={42--47},
  year={2008},
  publisher={Elsevier}
}

%29
@article{cuche2000spatial,
  title={Spatial filtering for zero-order and twin-image elimination in digital off-axis holography},
  author={Cuche, Etienne and Marquet, Pierre and Depeursinge, Christian},
  journal={Applied optics},
  volume={39},
  number={23},
  pages={4070--4075},
  year={2000},
  publisher={Optical Society of America}
}

%30
@article{memmolo2014encoding,
  title={Encoding multiple holograms for speckle-noise reduction in optical display},
  author={Memmolo, Pasquale and Bianco, Vittorio and Paturzo, Melania and Javidi, Bahram and Netti, Paolo A and Ferraro, Pietro},
  journal={Optics express},
  volume={22},
  number={21},
  pages={25768--25775},
  year={2014},
  publisher={Optical Society of America}
}

%31
@article{molaei2014imaging,
  title={Imaging bacterial 3D motion using digital in-line holographic microscopy and correlation-based de-noising algorithm},
  author={Molaei, Mehdi and Sheng, Jian},
  journal={Optics express},
  volume={22},
  number={26},
  pages={32119--32137},
  year={2014},
  publisher={Optical Society of America}
}

%32
@article{charriere2006shot,
  title={Shot-noise influence on the reconstructed phase image signal-to-noise ratio in digital holographic microscopy},
  author={Charri{\`e}re, Florian and Colomb, Tristan and Montfort, Fr{\'e}d{\'e}ric and Cuche, Etienne and Marquet, Pierre and Depeursinge, Christian},
  journal={Applied optics},
  volume={45},
  number={29},
  pages={7667--7673},
  year={2006},
  publisher={Optical Society of America}
}

%33
@article{demoli2014digital,
  title={Digital holography at light levels below noise using a photon-counting approach},
  author={Demoli, Nazif and Skenderovi{\'c}, Hrvoje and Stip{\v{c}}evi{\'c}, Mario},
  journal={Optics letters},
  volume={39},
  number={17},
  pages={5010--5013},
  year={2014},
  publisher={Optical Society of America}
}